<record><leader>00000cas a2200000 a 4500</leader><controlfield tag="001">9317151</controlfield><controlfield tag="008">830317d18631921meudn ne      0    0eng  </controlfield><datafield ind1=" " ind2=" " tag="010"><subfield code="a">sn 83016019 </subfield></datafield><datafield ind1=" " ind2=" " tag="040"><subfield code="a">DLC</subfield><subfield code="b">eng</subfield><subfield code="c">DLC</subfield><subfield code="d">NPW</subfield><subfield code="d">NPX</subfield><subfield code="d">NPU</subfield><subfield code="d">NPY</subfield><subfield code="d">DLC</subfield><subfield code="d">YOX</subfield><subfield code="d">CRL</subfield><subfield code="d">MBN</subfield><subfield code="d">OCL</subfield><subfield code="d">DLC</subfield><subfield code="d">OCLCG</subfield><subfield code="d">OCLCQ</subfield><subfield code="d">OCLCO</subfield><subfield code="d">OCLCF</subfield></datafield><datafield ind1="1" ind2=" " tag="029"><subfield code="a">AU@</subfield><subfield code="b">000020225741</subfield></datafield><datafield ind1=" " ind2=" " tag="042"><subfield code="a">pcc</subfield></datafield><datafield ind1=" " ind2=" " tag="043"><subfield code="a">n-us-me</subfield></datafield><datafield ind1="0" ind2="0" tag="050"><subfield code="a">Newspaper 8007-X</subfield></datafield><datafield ind1="0" ind2=" " tag="130"><subfield code="a">Daily eastern Argus (Portland, Me. : 1863)</subfield></datafield><datafield ind1="1" ind2="0" tag="245"><subfield code="a">Daily eastern Argus.</subfield></datafield><datafield ind1=" " ind2=" " tag="260"><subfield code="a">Portland, Me. :</subfield><subfield code="b">John M. Adams &amp; Co.,</subfield><subfield code="c">1863-1921.</subfield></datafield><datafield ind1=" " ind2=" " tag="300"><subfield code="a">61 v. :</subfield><subfield code="b">ill. ;</subfield><subfield code="c">68-71 cm.</subfield></datafield><datafield ind1=" " ind2=" " tag="310"><subfield code="a">Daily (except Sunday)</subfield></datafield><datafield ind1="0" ind2=" " tag="362"><subfield code="a">Vol. 31, no. 198 (Aug. 22, 1863)-v. 91, no. 20 (Jan. 24, 1921).</subfield></datafield><datafield ind1=" " ind2=" " tag="500"><subfield code="a">Editor: J.M. Adams, 1863-1890.</subfield></datafield><datafield ind1=" " ind2=" " tag="500"><subfield code="a">"Independent Democratic."</subfield></datafield><datafield ind1=" " ind2=" " tag="530"><subfield code="a">Also issued on microfilm from the Library of Congress, Photoduplication Service.</subfield></datafield><datafield ind1=" " ind2=" " tag="580"><subfield code="a">Triweekly ed.: Eastern Argus (Portland, Me. : 1848 : Triweekly), -&lt;1888&gt;</subfield></datafield><datafield ind1=" " ind2=" " tag="580"><subfield code="a">Weekly ed.: Weekly eastern Argus.</subfield></datafield><datafield ind1=" " ind2="0" tag="651"><subfield code="a">Portland (Me.)</subfield><subfield code="v">Newspapers.</subfield></datafield><datafield ind1=" " ind2="7" tag="655"><subfield code="a">Newspapers.</subfield><subfield code="2">fast</subfield><subfield code="0">(OCoLC)fst01423814</subfield></datafield><datafield ind1=" " ind2="7" tag="651"><subfield code="a">Maine</subfield><subfield code="z">Portland.</subfield><subfield code="2">fast</subfield><subfield code="0">(OCoLC)fst01213254</subfield></datafield><datafield ind1="1" ind2=" " tag="700"><subfield code="a">Adams, John Milton,</subfield><subfield code="d">1819-1897.</subfield></datafield><datafield ind1=" " ind2=" " tag="752"><subfield code="a">United States</subfield><subfield code="b">Maine</subfield><subfield code="c">Cumberland</subfield><subfield code="d">Portland.</subfield></datafield><datafield ind1="1" ind2=" " tag="775"><subfield code="t">Eastern Argus (Portland, Me. : 1848 : Triweekly)</subfield><subfield code="w">(DLC)sn 83016008</subfield><subfield code="w">(OCoLC)9291588</subfield></datafield><datafield ind1="1" ind2=" " tag="775"><subfield code="t">Weekly eastern Argus</subfield><subfield code="w">(DLC)sn 83021381</subfield><subfield code="w">(OCoLC)10234562</subfield></datafield><datafield ind1="0" ind2="0" tag="780"><subfield code="t">Eastern Argus (Portland, Me. : 1848 : Daily)</subfield><subfield code="w">(DLC)sn 83009685</subfield><subfield code="w">(OCoLC)9290662</subfield></datafield><datafield ind1="0" ind2="0" tag="785"><subfield code="t">Portland herald</subfield><subfield code="w">(DLC)sn 83016027</subfield><subfield code="w">(OCoLC)9338876</subfield></datafield></record>